<record xmlns="http://www.loc.gov/MARC21/slim" xmlns:xsi="http://www.w3.org/2001/XMLSchema-instance" xsi:schemaLocation="http://www.loc.gov/MARC21/slim http://www.loc.gov/standards/marcxml/schema/MARC21slim.xsd"><leader>02117nam a2200421   4500</leader><controlfield tag="001">595422</controlfield><controlfield tag="003">NNC</controlfield><controlfield tag="006">m        d        </controlfield><controlfield tag="007">cr cn |||m|||a</controlfield><controlfield tag="008">150110s1971    iq a    o     000 0 araod</controlfield><datafield ind1=" " ind2=" " tag="040"><subfield code="a">NNU</subfield><subfield code="b">eng</subfield><subfield code="e">rda</subfield><subfield code="c">NNU</subfield></datafield><datafield ind1=" " ind2="4" tag="050"><subfield code="a">PJ7814.A511</subfield><subfield code="b">A17 1971</subfield></datafield><datafield ind1="1" ind2=" " tag="100"><subfield code="6">880-01</subfield><subfield code="a">A&#772;mil, Rushdi&#772;.</subfield></datafield><datafield ind1="1" ind2="0" tag="245"><subfield code="6">880-02</subfield><subfield code="a">Lil-kalima&#772;t-- abwa&#772;b wa-ashri&#699;ah /</subfield><subfield code="c">Rushdi&#772; al-&#699;A&#772;mil.</subfield></datafield><datafield ind1=" " ind2=" " tag="260"><subfield code="6">880-03</subfield><subfield code="a">[Baghda&#772;d] :</subfield><subfield code="b">Wiza&#772;rat al-Thaqa&#772;fah wa-al-I&#699;la&#772;m, Mudi&#772;ri&#772;yat al-Thaqa&#772;fah al-&#699;A&#772;mmah,</subfield><subfield code="c">1971.</subfield></datafield><datafield ind1=" " ind2=" " tag="300"><subfield code="a">online resource (168 pages) :</subfield><subfield code="b">illustrations</subfield></datafield><datafield ind1=" " ind2=" " tag="336"><subfield code="a">text</subfield><subfield code="2">rdacontent</subfield></datafield><datafield ind1=" " ind2=" " tag="337"><subfield code="a">computer</subfield><subfield code="2">rdamedia</subfield></datafield><datafield ind1=" " ind2=" " tag="338"><subfield code="a">online resource</subfield><subfield code="2">rdacarrier</subfield></datafield><datafield ind1="1" ind2=" " tag="490"><subfield code="6">880-04</subfield><subfield code="a">Di&#772;wa&#772;n al-shi&#699;r al-&#699;Arabi&#772; al-h&#803;adi&#772;th ;</subfield><subfield code="v">12</subfield></datafield><datafield ind1="1" ind2=" " tag="490"><subfield code="6">880-05</subfield><subfield code="a">Silsilat al-mat&#803;bu&#772;&#699;a&#772;t al-fanni&#772;yah</subfield></datafield><datafield ind1=" " ind2=" " tag="500"><subfield code="a">Part of the Arabic Collections Online (ACO) project, contributed by Columbia University Libraries.</subfield></datafield><datafield ind1=" " ind2=" " tag="533"><subfield code="a">Electronic reproduction.</subfield><subfield code="b">New York, N.Y. :</subfield><subfield code="c">New York University,</subfield><subfield code="d">2015.</subfield><subfield code="5">NNU</subfield></datafield><datafield ind1="2" ind2=" " tag="710"><subfield code="a">Columbia University.</subfield><subfield code="b">Libraries.</subfield></datafield><datafield ind1="0" ind2=" " tag="730"><subfield code="a">Arabic Collections Online.</subfield></datafield><datafield ind1="0" ind2="8" tag="776"><subfield code="i">Print version:</subfield><subfield code="a">A&#772;mil, Rushdi&#772;.</subfield><subfield code="t">Lil-kalima&#772;t-- abwa&#772;b wa-ashri&#699;ah</subfield><subfield code="w">(NNC)595422</subfield><subfield code="w">(OCoLC)16625596</subfield></datafield><datafield ind1=" " ind2="0" tag="830"><subfield code="6">880-06</subfield><subfield code="a">Silsilat di&#772;wa&#772;n al-shi&#699;r al-&#699;Arabi&#772; al-h&#803;adi&#772;th ;</subfield><subfield code="v">12.</subfield></datafield><datafield ind1=" " ind2="0" tag="830"><subfield code="6">880-07</subfield><subfield code="a">Silsilat al-mat&#803;bu&#772;&#699;a&#772;t al-fanni&#772;yah.</subfield></datafield><datafield ind1="4" ind2="0" tag="856"><subfield code="u">http://hdl.handle.net/2333.1/63xsj5nr</subfield></datafield><datafield ind1="1" ind2=" " tag="880"><subfield code="6">100-01/r</subfield><subfield code="a">&#1593;&#1575;&#1605;&#1604;&#1548; &#1585;&#1588;&#1583;&#1610;.</subfield></datafield><datafield ind1="1" ind2="0" tag="880"><subfield code="6">245-02/r</subfield><subfield code="a">&#1604;&#1604;&#1603;&#1604;&#1605;&#1575;&#1578; &#1571;&#1576;&#1608;&#1575;&#1576; &#1608;&#1571;&#1588;&#1585;&#1593;&#1577; /</subfield><subfield code="c">&#1585;&#1588;&#1583;&#1610; &#1575;&#1604;&#1593;&#1575;&#1605;&#1604;.</subfield></datafield><datafield ind1=" " ind2=" " tag="880"><subfield code="6">260-03/r</subfield><subfield code="a">[&#1576;&#1594;&#1583;&#1575;&#1583;] :</subfield><subfield code="b">&#1608;&#1586;&#1575;&#1585;&#1577; &#1575;&#1604;&#1573;&#1593;&#1604;&#1575;&#1605;&#1548; &#1605;&#1583;&#1610;&#1585;&#1610;&#1577; &#1575;&#1604;&#1579;&#1602;&#1575;&#1601;&#1577; &#1575;&#1604;&#1593;&#1575;&#1605;&#1577;&#1548;</subfield><subfield code="c">[1971]</subfield></datafield><datafield ind1="1" ind2=" " tag="880"><subfield code="6">490-04/r</subfield><subfield code="a">&#1583;&#1610;&#1608;&#1575;&#1606; &#1575;&#1604;&#1588;&#1593;&#1585; &#1575;&#1604;&#1593;&#1585;&#1576;&#1610; &#1575;&#1604;&#1581;&#1583;&#1610;&#1579; &#1563;</subfield><subfield code="v">12</subfield></datafield><datafield ind1="1" ind2=" " tag="880"><subfield code="6">490-05/r</subfield><subfield code="a">&#1587;&#1604;&#1587;&#1604;&#1577; &#1575;&#1604;&#1605;&#1591;&#1576;&#1608;&#1593;&#1575;&#1578; &#1575;&#1604;&#1601;&#1606;&#1610;&#1577;</subfield></datafield><datafield ind1=" " ind2="0" tag="880"><subfield code="6">830-06/r</subfield><subfield code="a">&#1587;&#1604;&#1587;&#1604;&#1577; &#1583;&#1610;&#1608;&#1575;&#1606; &#1575;&#1604;&#1588;&#1593;&#1585; &#1575;&#1604;&#1593;&#1585;&#1576;&#1610; &#1575;&#1604;&#1581;&#1583;&#1610;&#1579; &#1563;</subfield><subfield code="v">12.</subfield></datafield><datafield ind1=" " ind2="0" tag="880"><subfield code="6">830-07/r</subfield><subfield code="a">&#1587;&#1604;&#1587;&#1604;&#1577; &#1575;&#1604;&#1605;&#1591;&#1576;&#1608;&#1593;&#1575;&#1578; &#1575;&#1604;&#1601;&#1606;&#1610;&#1577;.</subfield></datafield><datafield ind1=" " ind2=" " tag="959"><subfield code="a">NNU</subfield><subfield code="b">WEB</subfield><subfield code="c">GENI</subfield><subfield code="t">0</subfield><subfield code="m">Electronic access</subfield><subfield code="s">01</subfield></datafield><datafield ind1=" " ind2=" " tag="999"><subfield code="i">NNC_595422</subfield><subfield code="o">(OCoLC)16625596</subfield></datafield></record>